@book{rezende2020fundamentals,
  title={Fundamentals of magnonics},
  author={Rezende, Sergio M},
  volume={969},
  year={2020},
  publisher={Springer}
}

@misc{blundell2003magnetism,
  title={Magnetism in condensed matter},
  author={Blundell, Stephen},
  year={2003},
  publisher={American Association of Physics Teachers}
}

@book{gurevich1996magnetization,
  title={Magnetization oscillations and waves},
  author={Gurevich, Alexander G and Melkov, Gennadii A},
  year={1996},
  publisher={CRC press}
}

@book{simon2013oxford,
  title={The Oxford solid state basics},
  author={Simon, Steven H},
  year={2013},
  publisher={OUP Oxford}
}

@book{coey2010magnetism,
  title={Magnetism and magnetic materials},
  author={Coey, John MD},
  year={2010},
  publisher={Cambridge university press}
}

@book{jensen1991rare,
  title={Rare earth magnetism},
  author={Jensen, Jens and Mackintosh, Allan R},
  year={1991},
  publisher={Clarendon Press Oxford}
}